=LDR  00395cas a2200157 a 4500
=001  2958612
=005  20100331132339.0
=008  890508m19879999xxu||||||\|||||\\\|0eng||
=019  \\$a5372
=022  \\$a0835-3638
=035  \\$98S00104869
=035  \\$98998156431
=245  04$aThe ancient history bulletin.
=260  \\$aChicago,$c1987-
=362  0\$aVol.1, no.1 (Jan. 1987)-
=650  \0$aHistory, Ancient$vPeriodicals.

