=LDR  00571cas a2200205 a 4500
=001  2959522
=005  20050818142244.0
=008  810101u1926uuuumau||\\\\\\\\\0\\\\|eng\d
=019  \\$a27...488
=022  \\$a0038-7134
=035  \\$98S00049335
=035  \\$z(UPvMLC)108183(0105)
=035  \\$a(UkLCURL)e80011425413
=040  \\$aIeDuTC$dIeDuTC$dCUD$dUtOrBLW$dUtOrBLW
=245  00$aSpeculum.
=260  \\$aCambridge (Mass.) :$bMediaeval Academy of America,$c1926-
=300  \\$av. ;$c26 cm.
=362  0\$aVol.1(1926)-
=710  2\$aMediaeval Academy of America.
=947  \\$alacks$b6xx$z600

