=LDR  00563cas a2200193 a 4500
=001  2985269
=005  20090729170128.0
=008  810101m19731995enk||||||\|||||\\\|0eng|d
=019  \\$a'74.87209
=022  \\$a0307-2770
=035  \\$98S00002837
=035  \\$a(CStRLIN)IAUGADP1007-S
=035  \\$96000214774
=245  00$aNew German studies.
=260  \\$aHull :$bDept. of German, University of Hull,$c1973-1995.
=300  \\$av. ;$c21cm.
=362  0\$aVol. 1 (1973) - vol. 18 (1995)
=650  \0$aGerman philology$vPeriodicals.
=710  2\$aUniversity of Hull.$bDepartment of German.

