=LDR  00285cas a22001217  4500
=001  2999026
=005  20060621154951.0
=008  810101c19129999enk||||||\|||||\\\|0eng||
=022  \\$a0018-2648
=035  \\$98S00058410
=245  00$aHistory.
=260  \\$aLondon.
=710  2\$aHistorical Association (Great Britain)

